@misc{illustrated_word2vec,  
    author={J. Alammar},  
    year={},  
    title={The Illustrated Word2vec},  
    note={\url{https://jalammar.github.io/illustrated-word2vec/}}  
}  
      
@misc{goldberg2014word2vec,  
    title={word2vec Explained: deriving Mikolov et al.'s negative-sampling word-embedding method},   
    author={Yoav Goldberg and Omer Levy},  
    year={2014},  
    eprint={1402.3722},  
    archivePrefix={arXiv},  
    primaryClass={cs.CL}  
}  

@misc{alpha_zero,
    title={A Simple Alpha(Go) Zero Tutorial},
    author={Surag Nair},
    year={2017},
    month={December},
    day={29},
    note={\url{https://web.stanford.edu/~surag/posts/alphazero.html}}
}    

@article{Silver2017,
  doi = {10.1038/nature24270},
  url = {https://doi.org/10.1038/nature24270},
  year = {2017},
  month = oct,
  publisher = {Springer Science and Business Media {LLC}},
  volume = {550},
  number = {7676},
  pages = {354--359},
  author = {David Silver and Julian Schrittwieser and Karen Simonyan and Ioannis Antonoglou and Aja Huang and Arthur Guez and Thomas Hubert and Lucas Baker and Matthew Lai and Adrian Bolton and Yutian Chen and Timothy Lillicrap and Fan Hui and Laurent Sifre and George van den Driessche and Thore Graepel and Demis Hassabis},
  title = {Mastering the game of Go without human knowledge},
  journal = {Nature}
}

@misc{battlegrounds2019, 
    title={Battlegrounds},
    note={\url{https://hearthstone.gamepedia.com/Battlegrounds}}, 
    year={2019}
}
 
@misc{blizzardentertainment2019, 
    title={{Introducing Hearthstone Battlegrounds}}, 
    author={{Blizzard Entertainment}},
    year={2019},
    month={November},
    note={\url{https://playhearthstone.com/en-us/news/23156373}},
}

@misc{mcts:wikipedia,
    author = "{Wikipedia contributors}",
    title = "Monte Carlo tree search --- {Wikipedia}{,} The Free Encyclopedia",
    year = "2021",
    howpublished = "\url{https://en.wikipedia.org/w/index.php?title=Monte_Carlo_tree_search&oldid=1000249115}",
  }
  
  % TensorFlow  
@misc{tensorflow2015-whitepaper,  
title={{TensorFlow}: Large-Scale Machine Learning on Heterogeneous Systems},  
url={http://tensorflow.org/},  
note={Software available from tensorflow.org},  
author={  
    Mart\'{\i}n~Abadi and  
    Ashish~Agarwal and  
    Paul~Barham and  
    Eugene~Brevdo and  
    Zhifeng~Chen and  
    Craig~Citro and  
    Greg~S.~Corrado and  
    Andy~Davis and  
    Jeffrey~Dean and  
    Matthieu~Devin and  
    Sanjay~Ghemawat and  
    Ian~Goodfellow and  
    Andrew~Harp and  
    Geoffrey~Irving and  
    Michael~Isard and  
    Yangqing Jia and  
    Rafal~Jozefowicz and  
    Lukasz~Kaiser and  
    Manjunath~Kudlur and  
    Josh~Levenberg and  
    Dan~Man\'{e} and  
    Rajat~Monga and  
    Sherry~Moore and  
    Derek~Murray and  
    Chris~Olah and  
    Mike~Schuster and  
    Jonathon~Shlens and  
    Benoit~Steiner and  
    Ilya~Sutskever and  
    Kunal~Talwar and  
    Paul~Tucker and  
    Vincent~Vanhoucke and  
    Vijay~Vasudevan and  
    Fernanda~Vi\'{e}gas and  
    Oriol~Vinyals and  
    Pete~Warden and  
    Martin~Wattenberg and  
    Martin~Wicke and  
    Yuan~Yu and  
    Xiaoqiang~Zheng},  
  year={2015},  
}  
  
@misc{tf_keras_docs,  
    author={TensorFlow},  
    title={Module: tf.Keras},  
    note={\url{https://www.tensorflow.org/api_docs/python/tf/keras}}  
}  

@online{plotly, author = {Plotly Technologies Inc.}, title = {Collaborative data science}, publisher = {Plotly Technologies Inc.}, address = {Montreal, QC}, year = {2015}, url = {https://plot.ly} }  

@misc{stavropoulos_2019, title={Riot Reveals a Competitive Scene for Teamfight Tactics}, url={https://dotesports.com/league-of-legends/news/riot-reveals-a-competitive-scene-for-teamfight-tactics}, journal={Dot Esports}, publisher={Dot Esports}, author={Stavropoulos, Andreas}, year={2019}, month={Sep}}

@misc{wiggers_2019, title={OpenAI's Dota 2 Bot Defeated 99.4\% of Players in Public Matches}, url={https://venturebeat.com/2019/04/22/openais-dota-2-bot-defeated-99-4-of-players-in-public-matches/}, journal={VentureBeat}, publisher={VentureBeat}, author={Wiggers, Kyle}, year={2019}, month={Apr}}

@misc{hearthstonejson, title={HearthSim/hsdata}, url={https://github.com/HearthSim/hsdata}, journal={GitHub}, author={HearthSim}}

@inproceedings{inproceedings,
author = {Robilliard, Denis and Fonlupt, Cyril and Teytaud, Fabien},
year = {2014},
month = {08},
pages = {64-77},
title = {Monte-Carlo Tree Search for the Game of “7 Wonders”},
isbn = {978-3-319-14922-6},
doi = {10.1007/978-3-319-14923-3_5}
}

@article{bandit,
author = {Coquelin, Pierre and Munos, Remi},
year = {2007},
month = {04},
pages = {},
title = {Bandit Algorithms for Tree Search}
}

@article{cowling_2012,
author = {Cowling, Peter and Powley, Edward and Whitehouse, Daniel},
year = {2012},
month = {06},
pages = {120-143},
title = {Information Set Monte Carlo Tree Search},
volume = {4},
journal = {IEEE Transactions on Computational Intelligence and Ai in Games},
doi = {10.1109/TCIAIG.2012.2200894}
}